
      <record>
         <leader>00000nz  a2200169   4500</leader>
         <controlfield tag="001">30002169</controlfield>
         <controlfield tag="003">RISM</controlfield>
         <controlfield tag="005">20160216</controlfield>
         <controlfield tag="008">160216n||az|||||||##########||||||||||||</controlfield>
         <datafield tag="040" ind1=" " ind2=" ">
            <subfield code="a">FIN-Aa</subfield>
         </datafield>
         <datafield tag="043" ind1=" " ind2=" ">
            <subfield code="c">XA-FI</subfield>
         </datafield>
         <datafield tag="110" ind1="2" ind2=" ">
            <subfield code="a">Akademi, Huvudbiblioteket</subfield>
            <subfield code="c">Åbo</subfield>
            <subfield code="g">FIN-Aa</subfield>
         </datafield>
         <datafield tag="410" ind1="2" ind2=" ">
            <subfield code="a">Akademi, Pääkirjasto</subfield>
         </datafield>
         <datafield tag="410" ind1="2" ind2=" ">
            <subfield code="a">Academy University Library</subfield>
         </datafield>
         <datafield tag="410" ind1="2" ind2=" ">
            <subfield code="a">Swedish University</subfield>
         </datafield>
         <datafield tag="622" ind1=" " ind2=" ">
            <subfield code="e">Akademi, Huvudbiblioteket, Domkyrkogatan 2-4, 20500 Åbo, Finland</subfield>
            <subfield code="u">http://www.abo.fi/bibliotek/sv</subfield>
         </datafield>
      </record>