
      <record>
         <leader>00000nz  a2200169   4500</leader>
         <controlfield tag="001">30003153</controlfield>
         <controlfield tag="003">RISM</controlfield>
         <controlfield tag="005">20160216</controlfield>
         <controlfield tag="008">160216n||az|||||||##########||||||||||||</controlfield>
         <datafield tag="040" ind1=" " ind2=" ">
            <subfield code="a">FIN-Ak</subfield>
         </datafield>
         <datafield tag="043" ind1=" " ind2=" ">
            <subfield code="c">XA-FI</subfield>
         </datafield>
         <datafield tag="110" ind1="2" ind2=" ">
            <subfield code="a">Turun Filharmoninen Orkesteri</subfield>
            <subfield code="c">Turku</subfield>
            <subfield code="g">FIN-Ak</subfield>
         </datafield>
         <datafield tag="410" ind1="2" ind2=" ">
            <subfield code="a">Turku Philharmonic Orchestra</subfield>
         </datafield>
         <datafield tag="410" ind1="2" ind2=" ">
            <subfield code="a">Kaupunginorkesteri</subfield>
         </datafield>
         <datafield tag="410" ind1="2" ind2=" ">
            <subfield code="a">Åbo Filharmoniska Orkester</subfield>
         </datafield>
         <datafield tag="622" ind1=" " ind2=" ">
            <subfield code="e">Turun Filharmoninen Orkesteri, Sibeliuksenkatu 2, 20100 Turku, Finland</subfield>
            <subfield code="u">http://www.tfo.fi</subfield>
         </datafield>
      </record>