
      <record>
         <leader>00000nz  a2200169   4500</leader>
         <controlfield tag="001">30080590</controlfield>
         <controlfield tag="003">RISM</controlfield>
         <controlfield tag="005">20160216</controlfield>
         <controlfield tag="008">160216n||az|||||||##########||||||||||||</controlfield>
         <datafield tag="040" ind1=" " ind2=" ">
            <subfield code="a">FIN-Hhyk</subfield>
         </datafield>
         <datafield tag="043" ind1=" " ind2=" ">
            <subfield code="c">XA-FI</subfield>
         </datafield>
         <datafield tag="110" ind1="2" ind2=" ">
            <subfield code="a">Helsingin yliopiston pääkirjasto</subfield>
            <subfield code="c">Helsinki</subfield>
            <subfield code="g">FIN-Hhyk</subfield>
         </datafield>
         <datafield tag="410" ind1="2" ind2=" ">
            <subfield code="a">Helsinki University Main Library</subfield>
         </datafield>
         <datafield tag="622" ind1=" " ind2=" ">
            <subfield code="e">Helsingin yliopiston pääkirjasto, Fabianinkatu 30, 00014 Helsingin yliopisto, Finland</subfield>
            <subfield code="u">http://www.helsinki.fi/kirjasto/fi/etusivu/</subfield>
         </datafield>
      </record>