
      <record>
         <leader>00000nz  a2200169   4500</leader>
         <controlfield tag="001">30002170</controlfield>
         <controlfield tag="003">RISM</controlfield>
         <controlfield tag="005">20160216</controlfield>
         <controlfield tag="008">160216n||az|||||||##########||||||||||||</controlfield>
         <datafield tag="040" ind1=" " ind2=" ">
            <subfield code="a">FIN-Hko</subfield>
         </datafield>
         <datafield tag="043" ind1=" " ind2=" ">
            <subfield code="c">XA-FI</subfield>
         </datafield>
         <datafield tag="110" ind1="2" ind2=" ">
            <subfield code="a">Helsingin Kaupunginorkesteri, Nuotisto</subfield>
            <subfield code="c">Helsinki</subfield>
            <subfield code="g">FIN-Hko</subfield>
         </datafield>
         <datafield tag="410" ind1="2" ind2=" ">
            <subfield code="a">Helsinki Philharmonic Orchestra, Music Library</subfield>
         </datafield>
         <datafield tag="622" ind1=" " ind2=" ">
            <subfield code="e">Helsingin Kaupunginorkesteri, Nuotisto, Finlandia-talo, Mannerheimintie 13, 00099 Helsingin kaupunki, Finland</subfield>
            <subfield code="u">http://www.hel.fi/hki/HKO/fi/Etusivu</subfield>
         </datafield>
      </record>