
      <record>
         <leader>00000nz  a2200169   4500</leader>
         <controlfield tag="001">30002171</controlfield>
         <controlfield tag="003">RISM</controlfield>
         <controlfield tag="005">20160216</controlfield>
         <controlfield tag="008">160216n||az|||||||##########||||||||||||</controlfield>
         <datafield tag="040" ind1=" " ind2=" ">
            <subfield code="a">FIN-Hmt</subfield>
         </datafield>
         <datafield tag="043" ind1=" " ind2=" ">
            <subfield code="c">XA-FI</subfield>
         </datafield>
         <datafield tag="110" ind1="2" ind2=" ">
            <subfield code="a">Suomalaisen Musiikin Tiedotuskeskus</subfield>
            <subfield code="c">Helsinki</subfield>
            <subfield code="g">FIN-Hmt</subfield>
         </datafield>
         <datafield tag="410" ind1="2" ind2=" ">
            <subfield code="a">Finnish Music Information Centre</subfield>
         </datafield>
         <datafield tag="622" ind1=" " ind2=" ">
            <subfield code="e">Suomalaisen Musiikin Tiedotuskeskus, Lauttasaarentie 1, 00200 Helsinki, Finland</subfield>
            <subfield code="u">http://www.fimic.fi</subfield>
         </datafield>
      </record>