
      <record>
         <leader>00000nz  a2200169   4500</leader>
         <controlfield tag="001">30004261</controlfield>
         <controlfield tag="003">RISM</controlfield>
         <controlfield tag="005">20160216</controlfield>
         <controlfield tag="008">160216n||az|||||||##########||||||||||||</controlfield>
         <datafield tag="040" ind1=" " ind2=" ">
            <subfield code="a">FIN-Hsä</subfield>
         </datafield>
         <datafield tag="043" ind1=" " ind2=" ">
            <subfield code="c">XA-FI</subfield>
         </datafield>
         <datafield tag="110" ind1="2" ind2=" ">
            <subfield code="a">Suomen äänitearkisto</subfield>
            <subfield code="c">Helsinki</subfield>
            <subfield code="g">FIN-Hsä</subfield>
         </datafield>
         <datafield tag="410" ind1="2" ind2=" ">
            <subfield code="a">Archive of Finnish Sound Recordings</subfield>
         </datafield>
         <datafield tag="622" ind1=" " ind2=" ">
            <subfield code="e">Suomen äänitearkisto, Kehtotie 17, 00760 Helsinki, Finland</subfield>
         </datafield>
      </record>