
      <record>
         <leader>00000nz  a2200169   4500</leader>
         <controlfield tag="001">30002174</controlfield>
         <controlfield tag="003">RISM</controlfield>
         <controlfield tag="005">20160216</controlfield>
         <controlfield tag="008">160216n||az|||||||##########||||||||||||</controlfield>
         <datafield tag="040" ind1=" " ind2=" ">
            <subfield code="a">FIN-Hy</subfield>
         </datafield>
         <datafield tag="043" ind1=" " ind2=" ">
            <subfield code="c">XA-FI</subfield>
         </datafield>
         <datafield tag="110" ind1="2" ind2=" ">
            <subfield code="a">Suomen Kansalliskirjasto</subfield>
            <subfield code="c">Helsinki</subfield>
            <subfield code="g">FIN-Hy</subfield>
         </datafield>
         <datafield tag="410" ind1="2" ind2=" ">
            <subfield code="a">The National Library of Finland</subfield>
         </datafield>
         <datafield tag="410" ind1="2" ind2=" ">
            <subfield code="a">Helsingin Yliopiston Kirjasto</subfield>
         </datafield>
         <datafield tag="410" ind1="2" ind2=" ">
            <subfield code="a">Helsinki University Library</subfield>
         </datafield>
         <datafield tag="622" ind1=" " ind2=" ">
            <subfield code="e">Suomen Kansalliskirjasto, Fabianinkatu 35, 00014 Helsingin Yliopisto, Finland</subfield>
            <subfield code="u">http://www.kansalliskirjasto.fi/fi/etusivu</subfield>
         </datafield>
      </record>