
      <record>
         <leader>00000nz  a2200169   4500</leader>
         <controlfield tag="001">30002175</controlfield>
         <controlfield tag="003">RISM</controlfield>
         <controlfield tag="005">20160216</controlfield>
         <controlfield tag="008">160216n||az|||||||##########||||||||||||</controlfield>
         <datafield tag="040" ind1=" " ind2=" ">
            <subfield code="a">FIN-Hyf</subfield>
         </datafield>
         <datafield tag="043" ind1=" " ind2=" ">
            <subfield code="c">XA-FI</subfield>
         </datafield>
         <datafield tag="110" ind1="2" ind2=" ">
            <subfield code="a">Formerly: Helsingin yliopiston kirjastot</subfield>
            <subfield code="c">Helsinki</subfield>
            <subfield code="g">FIN-Hyf</subfield>
         </datafield>
         <datafield tag="410" ind1="2" ind2=" ">
            <subfield code="a">Helsinki University Library, Department of Finnish Music</subfield>
         </datafield>
         <datafield tag="580" ind1=" " ind2=" ">
            <subfield code="x">FIN-Hy</subfield>
            <subfield code="0">30002174</subfield>
         </datafield>
      </record>