
      <record>
         <leader>00000nz  a2200169   4500</leader>
         <controlfield tag="001">30004260</controlfield>
         <controlfield tag="003">RISM</controlfield>
         <controlfield tag="005">20160216</controlfield>
         <controlfield tag="008">160216n||az|||||||##########||||||||||||</controlfield>
         <datafield tag="040" ind1=" " ind2=" ">
            <subfield code="a">FIN-Ish</subfield>
         </datafield>
         <datafield tag="043" ind1=" " ind2=" ">
            <subfield code="c">XA-FI</subfield>
         </datafield>
         <datafield tag="110" ind1="2" ind2=" ">
            <subfield code="a">Suomen harmonikkainstituutti</subfield>
            <subfield code="c">Ikaalinen</subfield>
            <subfield code="g">FIN-Ish</subfield>
         </datafield>
         <datafield tag="410" ind1="2" ind2=" ">
            <subfield code="a">Finnish Accordion Institute</subfield>
         </datafield>
         <datafield tag="622" ind1=" " ind2=" ">
            <subfield code="e">Suomen harmonikkainstituutti, Eino Salmelaisen katu 20, 39500 Ikaalinen, Finland</subfield>
            <subfield code="u">http://www.harmonikkainstituutti.net</subfield>
         </datafield>
      </record>