
      <record>
         <leader>00000nz  a2200169   4500</leader>
         <controlfield tag="001">30004258</controlfield>
         <controlfield tag="003">RISM</controlfield>
         <controlfield tag="005">20160216</controlfield>
         <controlfield tag="008">160216n||az|||||||##########||||||||||||</controlfield>
         <datafield tag="040" ind1=" " ind2=" ">
            <subfield code="a">FIN-Kk</subfield>
         </datafield>
         <datafield tag="043" ind1=" " ind2=" ">
            <subfield code="c">XA-FI</subfield>
         </datafield>
         <datafield tag="110" ind1="2" ind2=" ">
            <subfield code="a">Kansanmusiikki-instituutti</subfield>
            <subfield code="c">Kaustinen</subfield>
            <subfield code="g">FIN-Kk</subfield>
         </datafield>
         <datafield tag="410" ind1="2" ind2=" ">
            <subfield code="a">Folk Music Institute</subfield>
         </datafield>
         <datafield tag="622" ind1=" " ind2=" ">
            <subfield code="e">Kansanmusiikki-instituutti, Box 11, 69601  Kaustinen, Finland</subfield>
            <subfield code="u">http://www.kaustinen.net</subfield>
         </datafield>
      </record>