
      <record>
         <leader>00000nz  a2200169   4500</leader>
         <controlfield tag="001">30002176</controlfield>
         <controlfield tag="003">RISM</controlfield>
         <controlfield tag="005">20160216</controlfield>
         <controlfield tag="008">160216n||az|||||||##########||||||||||||</controlfield>
         <datafield tag="040" ind1=" " ind2=" ">
            <subfield code="a">FIN-TA</subfield>
         </datafield>
         <datafield tag="043" ind1=" " ind2=" ">
            <subfield code="c">XA-FI</subfield>
         </datafield>
         <datafield tag="110" ind1="2" ind2=" ">
            <subfield code="a">Tampereen Yliopiston Musiikintutkimuksen laitos</subfield>
            <subfield code="c">Tampere</subfield>
            <subfield code="g">FIN-TA</subfield>
         </datafield>
         <datafield tag="410" ind1="2" ind2=" ">
            <subfield code="a">Tampere University, Departement of Music Anthropology</subfield>
         </datafield>
         <datafield tag="410" ind1="2" ind2=" ">
            <subfield code="a">Tampereen Yliopiston Kansanperinteen Laitos, Kirjasto</subfield>
         </datafield>
         <datafield tag="410" ind1="2" ind2=" ">
            <subfield code="a">Tampere University, Departement of Folk Tradition</subfield>
         </datafield>
         <datafield tag="622" ind1=" " ind2=" ">
            <subfield code="e">Tampereen Yliopiston Musiikintutkimuksen,  laitos, Hatanpään valtatie 2B, 33100 Tampere, Finland</subfield>
            <subfield code="u">http://www.uta.fi/laitokset/mustut</subfield>
         </datafield>
      </record>