
      <record>
         <leader>00000nz  a2200169   4500</leader>
         <controlfield tag="001">30006449</controlfield>
         <controlfield tag="003">RISM</controlfield>
         <controlfield tag="005">20160216</controlfield>
         <controlfield tag="008">160216n||az|||||||##########||||||||||||</controlfield>
         <datafield tag="040" ind1=" " ind2=" ">
            <subfield code="a">FIN-VAt</subfield>
         </datafield>
         <datafield tag="043" ind1=" " ind2=" ">
            <subfield code="c">XA-FI</subfield>
         </datafield>
         <datafield tag="110" ind1="2" ind2=" ">
            <subfield code="a">Tritonia Vaasan tiedekirjasto</subfield>
            <subfield code="c">Vaasa</subfield>
            <subfield code="g">FIN-VAt</subfield>
         </datafield>
         <datafield tag="410" ind1="2" ind2=" ">
            <subfield code="a">Vasa vetenskapliga bibliotek</subfield>
         </datafield>
         <datafield tag="410" ind1="2" ind2=" ">
            <subfield code="a">Tritonia Academic Library</subfield>
         </datafield>
         <datafield tag="622" ind1=" " ind2=" ">
            <subfield code="e">Tritonia Vaasan tiedekirjasto, P.O. BOX 331, Yliopistonrata 7, 65101 Vaasa, Finland</subfield>
            <subfield code="u">http://www.tritonia.fi</subfield>
         </datafield>
      </record>
   </collection>

